@ARTICLE{2021ApJ...923..181B,
       author = {{Barrientos}, Manuel and {Chanam{\'e}}, Julio},
        title = "{Improved Constraints on the Initial-to-final Mass Relation of White Dwarfs Using Wide Binaries}",
      journal = {\apj},
     keywords = {1599, 154, 79, 1799, 1646, Astrophysics - Solar and Stellar Astrophysics, Astrophysics - Astrophysics of Galaxies},
         year = 2021,
        month = dec,
       volume = {923},
       number = {2},
          eid = {181},
        pages = {181},
          doi = {10.3847/1538-4357/ac2f49},
archivePrefix = {arXiv},
       eprint = {2102.07790},
 primaryClass = {astro-ph.SR},
       adsurl = {https://ui.adsabs.harvard.edu/abs/2021ApJ...923..181B},
      adsnote = {Provided by the SAO/NASA Astrophysics Data System}
}

@ARTICLE{2021MNRAS.507.4646K,
       author = {{Kepler}, S.~O. and {Koester}, Detlev and {Pelisoli}, Ingrid and {Romero}, Alejandra D. and {Ourique}, Gustavo},
        title = "{White dwarf and subdwarf stars in the Sloan Digital Sky Survey Data Release 16}",
      journal = {\mnras},
     keywords = {catalogues, subdwarfs, white dwarfs, Astrophysics - Solar and Stellar Astrophysics, Astrophysics - Astrophysics of Galaxies},
         year = 2021,
        month = nov,
       volume = {507},
       number = {3},
        pages = {4646-4660},
          doi = {10.1093/mnras/stab2411},
archivePrefix = {arXiv},
       eprint = {2108.10915},
 primaryClass = {astro-ph.SR},
       adsurl = {https://ui.adsabs.harvard.edu/abs/2021MNRAS.507.4646K},
      adsnote = {Provided by the SAO/NASA Astrophysics Data System}
}

@ARTICLE{2021A&A...649A...1G,
       author = {{Gaia Collaboration} and {Brown}, A.~G.~A. and {Vallenari}, A. and {Prusti}, T. and {de Bruijne}, J.~H.~J. and {Babusiaux}, C. and {Biermann}, M. and {Creevey}, O.~L. and {Evans}, D.~W. and {Eyer}, L. and et al.},
        title = "{Gaia Early Data Release 3. Summary of the contents and survey properties}",
      journal = {\aap},
     keywords = {catalogs, astrometry, parallaxes, proper motions, techniques: photometric, techniques: radial velocities, Astrophysics - Astrophysics of Galaxies},
         year = 2021,
        month = may,
       volume = {649},
          eid = {A1},
        pages = {A1},
          doi = {10.1051/0004-6361/202039657},
archivePrefix = {arXiv},
       eprint = {2012.01533},
 primaryClass = {astro-ph.GA},
       adsurl = {https://ui.adsabs.harvard.edu/abs/2021A&A...649A...1G},
      adsnote = {Provided by the SAO/NASA Astrophysics Data System}
}

@ARTICLE{2021AJ....161..147B,
       author = {{Bailer-Jones}, C.~A.~L. and {Rybizki}, J. and {Fouesneau}, M. and {Demleitner}, M. and {Andrae}, R.},
        title = "{Estimating Distances from Parallaxes. V. Geometric and Photogeometric Distances to 1.47 Billion Stars in Gaia Early Data Release 3}",
      journal = {\aj},
     keywords = {Catalogs, Galaxy structure, Bayesian statistics, Parallax, Stellar parallax, Photometric parallax, Distance indicators, Astrometry, Markov chain Monte Carlo, Absolute magnitude, 205, 622, 1900, 1197, 1618, 1231, 394, 80, 1889, 10, Astrophysics - Solar and Stellar Astrophysics, Astrophysics - Astrophysics of Galaxies},
         year = 2021,
        month = mar,
       volume = {161},
       number = {3},
          eid = {147},
        pages = {147},
          doi = {10.3847/1538-3881/abd806},
archivePrefix = {arXiv},
       eprint = {2012.05220},
 primaryClass = {astro-ph.SR},
       adsurl = {https://ui.adsabs.harvard.edu/abs/2021AJ....161..147B},
      adsnote = {Provided by the SAO/NASA Astrophysics Data System}
}

@ARTICLE{2020ApJ...901...93B,
       author = {{B{\'e}dard}, A. and {Bergeron}, P. and {Brassard}, P. and {Fontaine}, G.},
        title = "{On the Spectral Evolution of Hot White Dwarf Stars. I. A Detailed Model Atmosphere Analysis of Hot White Dwarfs from SDSS DR12}",
      journal = {\apj},
     keywords = {White dwarf stars, Late stellar evolution, Atmospheric composition, Stellar atmospheres, 1799, 911, 2120, 1584, Astrophysics - Solar and Stellar Astrophysics},
         year = 2020,
        month = oct,
       volume = {901},
       number = {2},
          eid = {93},
        pages = {93},
          doi = {10.3847/1538-4357/abafbe},
archivePrefix = {arXiv},
       eprint = {2008.07469},
 primaryClass = {astro-ph.SR},
       adsurl = {https://ui.adsabs.harvard.edu/abs/2020ApJ...901...93B},
      adsnote = {Provided by the SAO/NASA Astrophysics Data System}
}

@ARTICLE{2020MNRAS.497.2688C,
       author = {{Chandra}, Vedant and {Hwang}, Hsiang-Chih and {Zakamska}, Nadia L. and {Budav{\'a}ri}, Tam{\'a}s},
        title = "{Computational tools for the spectroscopic analysis of white dwarfs}",
      journal = {\mnras},
     keywords = {techniques: spectroscopic, white dwarfs, Astrophysics - Solar and Stellar Astrophysics},
         year = 2020,
        month = sep,
       volume = {497},
       number = {3},
        pages = {2688-2698},
          doi = {10.1093/mnras/staa2165},
archivePrefix = {arXiv},
       eprint = {2007.11598},
 primaryClass = {astro-ph.SR},
       adsurl = {https://ui.adsabs.harvard.edu/abs/2020MNRAS.497.2688C},
      adsnote = {Provided by the SAO/NASA Astrophysics Data System}
}

@ARTICLE{2020Natur.585..357H,
       author = {{Harris}, Charles R. and {Millman}, K. Jarrod and {van der Walt}, St{\'e}fan J. and {Gommers}, Ralf and {Virtanen}, Pauli and {Cournapeau}, David and {Wieser}, Eric and {Taylor}, Julian and {Berg}, Sebastian and {Smith}, Nathaniel J. and {Kern}, Robert and {Picus}, Matti and {Hoyer}, Stephan and {van Kerkwijk}, Marten H. and {Brett}, Matthew and {Haldane}, Allan and {del R{\'\i}o}, Jaime Fern{\'a}ndez and {Wiebe}, Mark and {Peterson}, Pearu and {G{\'e}rard-Marchant}, Pierre and {Sheppard}, Kevin and {Reddy}, Tyler and {Weckesser}, Warren and {Abbasi}, Hameer and {Gohlke}, Christoph and {Oliphant}, Travis E.},
        title = "{Array programming with NumPy}",
      journal = {\nat},
     keywords = {Computer Science - Mathematical Software, Statistics - Computation},
         year = 2020,
        month = sep,
       volume = {585},
       number = {7825},
        pages = {357-362},
          doi = {10.1038/s41586-020-2649-2},
archivePrefix = {arXiv},
       eprint = {2006.10256},
 primaryClass = {cs.MS},
       adsurl = {https://ui.adsabs.harvard.edu/abs/2020Natur.585..357H},
      adsnote = {Provided by the SAO/NASA Astrophysics Data System}
}

@ARTICLE{2020NatMe..17..261V,
       author = {{Virtanen}, Pauli and {Gommers}, Ralf and {Oliphant}, Travis E. and {Haberland}, Matt and {Reddy}, Tyler and {Cournapeau}, David and {Burovski}, Evgeni and {Peterson}, Pearu and {Weckesser}, Warren and {Bright}, Jonathan and {van der Walt}, St{\'e}fan J. and {Brett}, Matthew and {Wilson}, Joshua and {Millman}, K. Jarrod and {Mayorov}, Nikolay and {Nelson}, Andrew R.~J. and {Jones}, Eric and {Kern}, Robert and {Larson}, Eric and {Carey}, C.~J. and {Polat}, {\.I}lhan and {Feng}, Yu and {Moore}, Eric W. and {VanderPlas}, Jake and {Laxalde}, Denis and {Perktold}, Josef and {Cimrman}, Robert and {Henriksen}, Ian and {Quintero}, E.~A. and {Harris}, Charles R. and {Archibald}, Anne M. and {Ribeiro}, Ant{\^o}nio H. and {Pedregosa}, Fabian and {van Mulbregt}, Paul and {SciPy 1. 0 Contributors}},
        title = "{SciPy 1.0: fundamental algorithms for scientific computing in Python}",
      journal = {Nature Methods},
     keywords = {Computer Science - Mathematical Software, Computer Science - Data Structures and Algorithms, Computer Science - Software Engineering, Physics - Computational Physics},
         year = 2020,
        month = feb,
       volume = {17},
        pages = {261-272},
          doi = {10.1038/s41592-019-0686-2},
archivePrefix = {arXiv},
       eprint = {1907.10121},
 primaryClass = {cs.MS},
       adsurl = {https://ui.adsabs.harvard.edu/abs/2020NatMe..17..261V},
      adsnote = {Provided by the SAO/NASA Astrophysics Data System}
}

@ARTICLE{2019A&A...625A..87C,
       author = {{Camisassa}, Mar{\'\i}a E. and {Althaus}, Leandro G. and {C{\'o}rsico}, Alejandro H. and {De Ger{\'o}nimo}, Francisco C. and {Miller Bertolami}, Marcelo M. and {Novarino}, Mar{\'\i}a L. and {Rohrmann}, Ren{\'e} D. and {Wachlin}, Felipe C. and {Garc{\'\i}a-Berro}, Enrique},
        title = "{The evolution of ultra-massive white dwarfs}",
      journal = {\aap},
     keywords = {stars: evolution, stars: interiors, white dwarfs, Astrophysics - Solar and Stellar Astrophysics},
         year = 2019,
        month = may,
       volume = {625},
          eid = {A87},
        pages = {A87},
          doi = {10.1051/0004-6361/201833822},
archivePrefix = {arXiv},
       eprint = {1807.03894},
 primaryClass = {astro-ph.SR},
       adsurl = {https://ui.adsabs.harvard.edu/abs/2019A&A...625A..87C},
      adsnote = {Provided by the SAO/NASA Astrophysics Data System}
}

@ARTICLE{2019MNRAS.482..715L,
       author = {{Lam}, Marco C. and {Hambly}, Nigel C. and {Rowell}, Nicholas and {Chambers}, Kenneth C. and {Goldman}, Bertrand and {Hodapp}, Klaus W. and {Kaiser}, Nick and {Kudritzki}, Rolf-Peter and {Magnier}, Eugene A. and {Tonry}, John L. and {Wainscoat}, Richard J. and {Waters}, Christopher},
        title = "{The white dwarf luminosity functions from the Pan-STARRS 1 3{\ensuremath{\pi}} Steradian Survey}",
      journal = {\mnras},
     keywords = {surveys, proper motions, stars: luminosity function, mass function, white dwarfs, solar neighbourhood, Astrophysics - Astrophysics of Galaxies, Astrophysics - Instrumentation and Methods for Astrophysics, Astrophysics - Solar and Stellar Astrophysics},
         year = 2019,
        month = jan,
       volume = {482},
       number = {1},
        pages = {715-731},
          doi = {10.1093/mnras/sty2710},
archivePrefix = {arXiv},
       eprint = {1810.01798},
 primaryClass = {astro-ph.GA},
       adsurl = {https://ui.adsabs.harvard.edu/abs/2019MNRAS.482..715L},
      adsnote = {Provided by the SAO/NASA Astrophysics Data System}
}

@ARTICLE{2018MNRAS.480.1547L,
       author = {{Lauffer}, G.~R. and {Romero}, A.~D. and {Kepler}, S.~O.},
        title = "{New full evolutionary sequences of H- and He-atmosphere massive white dwarf stars using MESA}",
      journal = {\mnras},
     keywords = {methods: numerical, stars: evolution, stars: white dwarfs, Astrophysics - Solar and Stellar Astrophysics},
         year = 2018,
        month = oct,
       volume = {480},
       number = {2},
        pages = {1547-1562},
          doi = {10.1093/mnras/sty1925},
archivePrefix = {arXiv},
       eprint = {1807.04774},
 primaryClass = {astro-ph.SR},
       adsurl = {https://ui.adsabs.harvard.edu/abs/2018MNRAS.480.1547L},
      adsnote = {Provided by the SAO/NASA Astrophysics Data System}
}

@ARTICLE{2018ApJ...866...21C,
       author = {{Cummings}, Jeffrey D. and {Kalirai}, Jason S. and {Tremblay}, P. -E. and {Ramirez-Ruiz}, Enrico and {Choi}, Jieun},
        title = "{The White Dwarf Initial-Final Mass Relation for Progenitor Stars from 0.85 to 7.5 M $_{{\ensuremath{\odot}}}$}",
      journal = {\apj},
     keywords = {globular clusters: individual: M4, open clusters and associations: general, stars: evolution, stars: mass-loss, white dwarfs, Astrophysics - Solar and Stellar Astrophysics},
         year = 2018,
        month = oct,
       volume = {866},
       number = {1},
          eid = {21},
        pages = {21},
          doi = {10.3847/1538-4357/aadfd6},
archivePrefix = {arXiv},
       eprint = {1809.01673},
 primaryClass = {astro-ph.SR},
       adsurl = {https://ui.adsabs.harvard.edu/abs/2018ApJ...866...21C},
      adsnote = {Provided by the SAO/NASA Astrophysics Data System}
}

@ARTICLE{2018ApJ...863..184B,
       author = {{Blouin}, S. and {Dufour}, P. and {Allard}, N.~F.},
        title = "{A New Generation of Cool White Dwarf Atmosphere Models. I. Theoretical Framework and Applications to DZ Stars}",
      journal = {\apj},
     keywords = {equation of state, opacity, stars: atmospheres, stars: individual: LP 658-2, stars: individual: Ross 640, white dwarfs, Astrophysics - Solar and Stellar Astrophysics},
         year = 2018,
        month = aug,
       volume = {863},
       number = {2},
          eid = {184},
        pages = {184},
          doi = {10.3847/1538-4357/aad4a9},
archivePrefix = {arXiv},
       eprint = {1807.06616},
 primaryClass = {astro-ph.SR},
       adsurl = {https://ui.adsabs.harvard.edu/abs/2018ApJ...863..184B},
      adsnote = {Provided by the SAO/NASA Astrophysics Data System}
}

@ARTICLE{2018ApJ...860L..17E,
       author = {{El-Badry}, Kareem and {Rix}, Hans-Walter and {Weisz}, Daniel R.},
        title = "{An Empirical Measurement of the Initial-Final Mass Relation with Gaia White Dwarfs}",
      journal = {\apjl},
     keywords = {Galaxy: stellar content, stars: evolution, white dwarfs, Astrophysics - Solar and Stellar Astrophysics, Astrophysics - Astrophysics of Galaxies},
         year = 2018,
        month = jun,
       volume = {860},
       number = {2},
          eid = {L17},
        pages = {L17},
          doi = {10.3847/2041-8213/aaca9c},
archivePrefix = {arXiv},
       eprint = {1805.05849},
 primaryClass = {astro-ph.SR},
       adsurl = {https://ui.adsabs.harvard.edu/abs/2018ApJ...860L..17E},
      adsnote = {Provided by the SAO/NASA Astrophysics Data System}
}

@ARTICLE{2017ApJ...848...36B,
       author = {{Blouin}, S. and {Kowalski}, P.~M. and {Dufour}, P.},
        title = "{Pressure Distortion of the H$_{2}$-He Collision-induced Absorption at the Photosphere of Cool White Dwarf Stars}",
      journal = {\apj},
     keywords = {dense matter, opacity, stars: atmospheres, white dwarfs, Astrophysics - Solar and Stellar Astrophysics},
         year = 2017,
        month = oct,
       volume = {848},
       number = {1},
          eid = {36},
        pages = {36},
          doi = {10.3847/1538-4357/aa8ad6},
archivePrefix = {arXiv},
       eprint = {1709.01394},
 primaryClass = {astro-ph.SR},
       adsurl = {https://ui.adsabs.harvard.edu/abs/2017ApJ...848...36B},
      adsnote = {Provided by the SAO/NASA Astrophysics Data System}
}

@ARTICLE{2017ApJ...839...11C,
       author = {{Camisassa}, Mar{\'\i}a E. and {Althaus}, Leandro G. and {Rohrmann}, Ren{\'e} D. and {Garc{\'\i}a-Berro}, Enrique and {Torres}, Santiago and {C{\'o}rsico}, Alejandro H. and {Wachlin}, Felipe C.},
        title = "{Updated Evolutionary Sequences for Hydrogen-deficient White Dwarfs}",
      journal = {\apj},
     keywords = {stars: evolution, stars: interiors, white dwarfs, Astrophysics - Solar and Stellar Astrophysics},
         year = 2017,
        month = apr,
       volume = {839},
       number = {1},
          eid = {11},
        pages = {11},
          doi = {10.3847/1538-4357/aa6797},
archivePrefix = {arXiv},
       eprint = {1703.05340},
 primaryClass = {astro-ph.SR},
       adsurl = {https://ui.adsabs.harvard.edu/abs/2017ApJ...839...11C},
      adsnote = {Provided by the SAO/NASA Astrophysics Data System}
}

@ARTICLE{2017AJ....153...10M,
       author = {{Munn}, Jeffrey A. and {Harris}, Hugh C. and {von Hippel}, Ted and {Kilic}, Mukremin and {Liebert}, James W. and {Williams}, Kurtis A. and {DeGennaro}, Steven and {Jeffery}, Elizabeth and {Dame}, Kyra and {Gianninas}, A. and {Brown}, Warren R.},
        title = "{A Deep Proper Motion Catalog Within the Sloan Digital Sky Survey Footprint. II. The White Dwarf Luminosity Function}",
      journal = {\aj},
     keywords = {stars: luminosity function, mass function, white dwarfs, Astrophysics - Solar and Stellar Astrophysics, Astrophysics - Astrophysics of Galaxies},
         year = 2017,
        month = jan,
       volume = {153},
       number = {1},
          eid = {10},
        pages = {10},
          doi = {10.3847/1538-3881/153/1/10},
archivePrefix = {arXiv},
       eprint = {1611.06275},
 primaryClass = {astro-ph.SR},
       adsurl = {https://ui.adsabs.harvard.edu/abs/2017AJ....153...10M},
      adsnote = {Provided by the SAO/NASA Astrophysics Data System}
}

@ARTICLE{2017A&A...597A..67A,
       author = {{Althaus}, Leandro G. and {De Ger{\'o}nimo}, Francisco and {C{\'o}rsico}, Alejandro and {Torres}, Santiago and {Garc{\'\i}a-Berro}, Enrique},
        title = "{The evolution of white dwarfs resulting from helium-enhanced, low-metallicity progenitor stars}",
      journal = {\aap},
     keywords = {stars: evolution, stars: interiors, white dwarfs, Astrophysics - Solar and Stellar Astrophysics},
         year = 2017,
        month = jan,
       volume = {597},
          eid = {A67},
        pages = {A67},
          doi = {10.1051/0004-6361/201629909},
archivePrefix = {arXiv},
       eprint = {1611.06191},
 primaryClass = {astro-ph.SR},
       adsurl = {https://ui.adsabs.harvard.edu/abs/2017A&A...597A..67A},
      adsnote = {Provided by the SAO/NASA Astrophysics Data System}
}

@ARTICLE{2016ApJ...823..102C,
       author = {{Choi}, Jieun and {Dotter}, Aaron and {Conroy}, Charlie and {Cantiello}, Matteo and {Paxton}, Bill and {Johnson}, Benjamin D.},
        title = "{Mesa Isochrones and Stellar Tracks (MIST). I. Solar-scaled Models}",
      journal = {\apj},
     keywords = {stars: evolution, stars: general, stars: interiors, Astrophysics - Solar and Stellar Astrophysics},
         year = 2016,
        month = jun,
       volume = {823},
       number = {2},
          eid = {102},
        pages = {102},
          doi = {10.3847/0004-637X/823/2/102},
archivePrefix = {arXiv},
       eprint = {1604.08592},
 primaryClass = {astro-ph.SR},
       adsurl = {https://ui.adsabs.harvard.edu/abs/2016ApJ...823..102C},
      adsnote = {Provided by the SAO/NASA Astrophysics Data System}
}

@ARTICLE{2016ApJ...818...84C,
       author = {{Cummings}, Jeffrey D. and {Kalirai}, Jason S. and {Tremblay}, P. -E. and {Ramirez-Ruiz}, Enrico},
        title = "{Two Massive White Dwarfs from NGC 2323 and the Initial-Final Mass Relation for Progenitors of 4 to 6.5 M}",
      journal = {\apj},
     keywords = {open clusters and associations: individual: NGC 2323, Pleiades, NGC 2516, NGC 3532, NGC 2287, white dwarfs, Astrophysics - Solar and Stellar Astrophysics, Astrophysics - Astrophysics of Galaxies},
         year = 2016,
        month = feb,
       volume = {818},
       number = {1},
          eid = {84},
        pages = {84},
          doi = {10.3847/0004-637X/818/1/84},
archivePrefix = {arXiv},
       eprint = {1601.03053},
 primaryClass = {astro-ph.SR},
       adsurl = {https://ui.adsabs.harvard.edu/abs/2016ApJ...818...84C},
      adsnote = {Provided by the SAO/NASA Astrophysics Data System}
}

@INPROCEEDINGS{2015ASPC..493..325C,
       author = {{Catal{\'a}n}, S.},
        title = "{Calibrating the Initial-Final Mass Relationship with White Dwarf Binaries}",
    booktitle = {19th European Workshop on White Dwarfs},
         year = 2015,
       editor = {{Dufour}, P. and {Bergeron}, P. and {Fontaine}, G.},
       series = {Astronomical Society of the Pacific Conference Series},
       volume = {493},
        month = jun,
        pages = {325},
       adsurl = {https://ui.adsabs.harvard.edu/abs/2015ASPC..493..325C},
      adsnote = {Provided by the SAO/NASA Astrophysics Data System}
}

@ARTICLE{2015A&A...576A...9A,
       author = {{Althaus}, Leandro G. and {Camisassa}, Mar{\'\i}a E. and {Miller Bertolami}, Marcelo M. and {C{\'o}rsico}, Alejandro H. and {Garc{\'\i}a-Berro}, Enrique},
        title = "{White dwarf evolutionary sequences for low-metallicity progenitors: The impact of third dredge-up}",
      journal = {\aap},
     keywords = {stars: evolution, stars: interiors, white dwarfs, Astrophysics - Solar and Stellar Astrophysics},
         year = 2015,
        month = apr,
       volume = {576},
          eid = {A9},
        pages = {A9},
          doi = {10.1051/0004-6361/201424922},
archivePrefix = {arXiv},
       eprint = {1502.03882},
 primaryClass = {astro-ph.SR},
       adsurl = {https://ui.adsabs.harvard.edu/abs/2015A&A...576A...9A},
      adsnote = {Provided by the SAO/NASA Astrophysics Data System}
}

@ARTICLE{2013MNRAS.434.1549R,
       author = {{Rowell}, N.},
        title = "{The star formation history of the solar neighbourhood from the white dwarf luminosity function}",
      journal = {\mnras},
     keywords = {white dwarfs, Galaxy: formation, solar neighbourhood, Astrophysics - Astrophysics of Galaxies, Astrophysics - Solar and Stellar Astrophysics},
         year = 2013,
        month = sep,
       volume = {434},
       number = {2},
        pages = {1549-1564},
          doi = {10.1093/mnras/stt1110},
archivePrefix = {arXiv},
       eprint = {1306.4195},
 primaryClass = {astro-ph.GA},
       adsurl = {https://ui.adsabs.harvard.edu/abs/2013MNRAS.434.1549R},
      adsnote = {Provided by the SAO/NASA Astrophysics Data System}
}

@INPROCEEDINGS{2013EPJWC..4303001B,
       author = {{Bressan}, A. and {Marigo}, P. and {Girardi}, L. and {Nanni}, A. and {Rubele}, S.},
        title = "{Red Giant evolution and specific problems}",
     keywords = {Astrophysics - Solar and Stellar Astrophysics},
    booktitle = {European Physical Journal Web of Conferences},
         year = 2013,
       series = {European Physical Journal Web of Conferences},
       volume = {43},
        month = mar,
          eid = {03001},
        pages = {03001},
          doi = {10.1051/epjconf/20134303001},
archivePrefix = {arXiv},
       eprint = {1301.7687},
 primaryClass = {astro-ph.SR},
       adsurl = {https://ui.adsabs.harvard.edu/abs/2013EPJWC..4303001B},
      adsnote = {Provided by the SAO/NASA Astrophysics Data System}
}

@ARTICLE{2013PASP..125..306F,
       author = {{Foreman-Mackey}, Daniel and {Hogg}, David W. and {Lang}, Dustin and {Goodman}, Jonathan},
        title = "{emcee: The MCMC Hammer}",
      journal = {\pasp},
     keywords = {Astrophysics - Instrumentation and Methods for Astrophysics, Physics - Computational Physics, Statistics - Computation},
         year = 2013,
        month = mar,
       volume = {125},
       number = {925},
        pages = {306},
          doi = {10.1086/670067},
archivePrefix = {arXiv},
       eprint = {1202.3665},
 primaryClass = {astro-ph.IM},
       adsurl = {https://ui.adsabs.harvard.edu/abs/2013PASP..125..306F},
      adsnote = {Provided by the SAO/NASA Astrophysics Data System}
}

@ARTICLE{2012ApJS..199...29G,
       author = {{Giammichele}, N. and {Bergeron}, P. and {Dufour}, P.},
        title = "{Know Your Neighborhood: A Detailed Model Atmosphere Analysis of Nearby White Dwarfs}",
      journal = {\apjs},
     keywords = {solar neighborhood, stars: luminosity function, mass function, techniques: photometric, techniques: spectroscopic, white dwarfs, Astrophysics - Solar and Stellar Astrophysics},
         year = 2012,
        month = apr,
       volume = {199},
       number = {2},
          eid = {29},
        pages = {29},
          doi = {10.1088/0067-0049/199/2/29},
archivePrefix = {arXiv},
       eprint = {1202.5581},
 primaryClass = {astro-ph.SR},
       adsurl = {https://ui.adsabs.harvard.edu/abs/2012ApJS..199...29G},
      adsnote = {Provided by the SAO/NASA Astrophysics Data System}
}

@ARTICLE{2012ApJ...746..144Z,
       author = {{Zhao}, J.~K. and {Oswalt}, T.~D. and {Willson}, L.~A. and {Wang}, Q. and {Zhao}, G.},
        title = "{The Initial-Final Mass Relation among White Dwarfs in Wide Binaries}",
      journal = {\apj},
     keywords = {stars: activity, white dwarfs, Astrophysics - Solar and Stellar Astrophysics},
         year = 2012,
        month = feb,
       volume = {746},
       number = {2},
          eid = {144},
        pages = {144},
          doi = {10.1088/0004-637X/746/2/144},
archivePrefix = {arXiv},
       eprint = {1112.0281},
 primaryClass = {astro-ph.SR},
       adsurl = {https://ui.adsabs.harvard.edu/abs/2012ApJ...746..144Z},
      adsnote = {Provided by the SAO/NASA Astrophysics Data System}
}

@ARTICLE{2011MNRAS.417...93R,
       author = {{Rowell}, N. and {Hambly}, N.~C.},
        title = "{White dwarfs in the SuperCOSMOS Sky Survey: the thin disc, thick disc and spheroid luminosity functions}",
      journal = {\mnras},
     keywords = {surveys, stars: luminosity function, mass function, white dwarfs, solar neighbourhood},
         year = 2011,
        month = oct,
       volume = {417},
       number = {1},
        pages = {93-113},
          doi = {10.1111/j.1365-2966.2011.18976.x},
       adsurl = {https://ui.adsabs.harvard.edu/abs/2011MNRAS.417...93R},
      adsnote = {Provided by the SAO/NASA Astrophysics Data System}
}

@ARTICLE{2011ApJ...737...28B,
       author = {{Bergeron}, P. and {Wesemael}, F. and {Dufour}, Pierre and {Beauchamp}, A. and {Hunter}, C. and {Saffer}, Rex A. and {Gianninas}, A. and {Ruiz}, M.~T. and {Limoges}, M. -M. and {Dufour}, Patrick and {Fontaine}, G. and {Liebert}, James},
        title = "{A Comprehensive Spectroscopic Analysis of DB White Dwarfs}",
      journal = {\apj},
     keywords = {stars: abundances, stars: evolution, stars: fundamental parameters, stars: luminosity function, mass function, stars: oscillations, white dwarfs, Astrophysics - Solar and Stellar Astrophysics},
         year = 2011,
        month = aug,
       volume = {737},
       number = {1},
          eid = {28},
        pages = {28},
          doi = {10.1088/0004-637X/737/1/28},
archivePrefix = {arXiv},
       eprint = {1105.5433},
 primaryClass = {astro-ph.SR},
       adsurl = {https://ui.adsabs.harvard.edu/abs/2011ApJ...737...28B},
      adsnote = {Provided by the SAO/NASA Astrophysics Data System}
}

@ARTICLE{2011ApJ...737..103S,
       author = {{Schlafly}, Edward F. and {Finkbeiner}, Douglas P.},
        title = "{Measuring Reddening with Sloan Digital Sky Survey Stellar Spectra and Recalibrating SFD}",
      journal = {\apj},
     keywords = {dust, extinction, Galaxy: stellar content, ISM: clouds, Astrophysics - Galaxy Astrophysics},
         year = 2011,
        month = aug,
       volume = {737},
       number = {2},
          eid = {103},
        pages = {103},
          doi = {10.1088/0004-637X/737/2/103},
archivePrefix = {arXiv},
       eprint = {1012.4804},
 primaryClass = {astro-ph.GA},
       adsurl = {https://ui.adsabs.harvard.edu/abs/2011ApJ...737..103S},
      adsnote = {Provided by the SAO/NASA Astrophysics Data System}
}

@ARTICLE{2011ApJ...730..128T,
       author = {{Tremblay}, P. -E. and {Bergeron}, P. and {Gianninas}, A.},
        title = "{An Improved Spectroscopic Analysis of DA White Dwarfs from the Sloan Digital Sky Survey Data Release 4}",
      journal = {\apj},
     keywords = {stars: atmospheres, stars: fundamental parameters, stars: luminosity function, mass function, white dwarfs, Astrophysics - Solar and Stellar Astrophysics},
         year = 2011,
        month = apr,
       volume = {730},
       number = {2},
          eid = {128},
        pages = {128},
          doi = {10.1088/0004-637X/730/2/128},
archivePrefix = {arXiv},
       eprint = {1102.0056},
 primaryClass = {astro-ph.SR},
       adsurl = {https://ui.adsabs.harvard.edu/abs/2011ApJ...730..128T},
      adsnote = {Provided by the SAO/NASA Astrophysics Data System}
}

@ARTICLE{2010A&ARv..18..471A,
       author = {{Althaus}, Leandro G. and {C{\'o}rsico}, Alejandro H. and {Isern}, Jordi and {Garc{\'\i}a-Berro}, Enrique},
        title = "{Evolutionary and pulsational properties of white dwarf stars}",
      journal = {\aapr},
     keywords = {Stars: evolution, Stars: white dwarfs, Stars: interiors, Stars: oscillations, Astrophysics - Solar and Stellar Astrophysics},
         year = 2010,
        month = oct,
       volume = {18},
       number = {4},
        pages = {471-566},
          doi = {10.1007/s00159-010-0033-1},
archivePrefix = {arXiv},
       eprint = {1007.2659},
 primaryClass = {astro-ph.SR},
       adsurl = {https://ui.adsabs.harvard.edu/abs/2010A&ARv..18..471A},
      adsnote = {Provided by the SAO/NASA Astrophysics Data System}
}

@ARTICLE{2010ApJ...719..612A,
       author = {{Althaus}, L.~G. and {Garc{\'\i}a-Berro}, E. and {Renedo}, I. and {Isern}, J. and {C{\'o}rsico}, A.~H. and {Rohrmann}, R.~D.},
        title = "{Evolution of White Dwarf Stars with High-metallicity Progenitors: The Role of $^{22}$Ne Diffusion}",
      journal = {\apj},
     keywords = {dense matter, diffusion, stars: abundances, stars: evolution, stars: interiors, white dwarfs, Astrophysics - Solar and Stellar Astrophysics, Physics - Plasma Physics},
         year = 2010,
        month = aug,
       volume = {719},
       number = {1},
        pages = {612-621},
          doi = {10.1088/0004-637X/719/1/612},
archivePrefix = {arXiv},
       eprint = {1006.4170},
 primaryClass = {astro-ph.SR},
       adsurl = {https://ui.adsabs.harvard.edu/abs/2010ApJ...719..612A},
      adsnote = {Provided by the SAO/NASA Astrophysics Data System}
}

@ARTICLE{2010ApJ...717..183R,
       author = {{Renedo}, I. and {Althaus}, L.~G. and {Miller Bertolami}, M.~M. and {Romero}, A.~D. and {C{\'o}rsico}, A.~H. and {Rohrmann}, R.~D. and {Garc{\'\i}a-Berro}, E.},
        title = "{New Cooling Sequences for Old White Dwarfs}",
      journal = {\apj},
     keywords = {stars: evolution, stars: interiors, white dwarfs, Astrophysics - Solar and Stellar Astrophysics},
         year = 2010,
        month = jul,
       volume = {717},
       number = {1},
        pages = {183-195},
          doi = {10.1088/0004-637X/717/1/183},
archivePrefix = {arXiv},
       eprint = {1005.2170},
 primaryClass = {astro-ph.SR},
       adsurl = {https://ui.adsabs.harvard.edu/abs/2010ApJ...717..183R},
      adsnote = {Provided by the SAO/NASA Astrophysics Data System}
}

@ARTICLE{2010ApJ...716.1241S,
       author = {{Salaris}, M. and {Cassisi}, S. and {Pietrinferni}, A. and {Kowalski}, P.~M. and {Isern}, J.},
        title = "{A Large Stellar Evolution Database for Population Synthesis Studies. VI. White Dwarf Cooling Sequences}",
      journal = {\apj},
     keywords = {Galaxy: disk, galaxies: stellar content, stars: evolution, stars: interiors, white dwarfs, Astrophysics - Solar and Stellar Astrophysics},
         year = 2010,
        month = jun,
       volume = {716},
       number = {2},
        pages = {1241-1251},
          doi = {10.1088/0004-637X/716/2/1241},
archivePrefix = {arXiv},
       eprint = {1005.1791},
 primaryClass = {astro-ph.SR},
       adsurl = {https://ui.adsabs.harvard.edu/abs/2010ApJ...716.1241S},
      adsnote = {Provided by the SAO/NASA Astrophysics Data System}
}

@ARTICLE{2010Natur.465..194G,
       author = {{Garc{\'\i}a-Berro}, Enrique and {Torres}, Santiago and {Althaus}, Leandro G. and {Renedo}, Isabel and {Lor{\'e}n-Aguilar}, Pablo and {C{\'o}rsico}, Alejandro H. and {Rohrmann}, Ren{\'e} D. and {Salaris}, Maurizio and {Isern}, Jordi},
        title = "{A white dwarf cooling age of 8Gyr for NGC 6791 from physical separation processes}",
      journal = {\nat},
     keywords = {Astrophysics - Solar and Stellar Astrophysics},
         year = 2010,
        month = may,
       volume = {465},
       number = {7295},
        pages = {194-196},
          doi = {10.1038/nature09045},
archivePrefix = {arXiv},
       eprint = {1005.2272},
 primaryClass = {astro-ph.SR},
       adsurl = {https://ui.adsabs.harvard.edu/abs/2010Natur.465..194G},
      adsnote = {Provided by the SAO/NASA Astrophysics Data System}
}

@ARTICLE{2009ApJ...705..408K,
       author = {{Kalirai}, Jason S. and {Saul Davis}, D. and {Richer}, Harvey B. and {Bergeron}, P. and {Catelan}, Marcio and {Hansen}, Brad M.~S. and {Rich}, R. Michael},
        title = "{The Masses of Population II White Dwarfs}",
      journal = {\apj},
     keywords = {globular clusters: individual: M4, stars: evolution, stars: mass loss, techniques: spectroscopic, white dwarfs, Astrophysics - Solar and Stellar Astrophysics, Astrophysics - Astrophysics of Galaxies},
         year = 2009,
        month = nov,
       volume = {705},
       number = {1},
        pages = {408-425},
          doi = {10.1088/0004-637X/705/1/408},
archivePrefix = {arXiv},
       eprint = {0909.2253},
 primaryClass = {astro-ph.SR},
       adsurl = {https://ui.adsabs.harvard.edu/abs/2009ApJ...705..408K},
      adsnote = {Provided by the SAO/NASA Astrophysics Data System}
}

@ARTICLE{2009ApJ...704.1605A,
       author = {{Althaus}, L.~G. and {Panei}, J.~A. and {Miller Bertolami}, M.~M. and {Garc{\'\i}a-Berro}, E. and {C{\'o}rsico}, A.~H. and {Romero}, A.~D. and {Kepler}, S.~O. and {Rohrmann}, R.~D.},
        title = "{New Evolutionary Sequences for Hot H-Deficient White Dwarfs on the Basis of a Full Account of Progenitor Evolution}",
      journal = {\apj},
     keywords = {stars: abundances, stars: AGB and post-ABG, stars: evolution, stars: interiors, stars: variables: other, white dwarfs, Astrophysics - Solar and Stellar Astrophysics},
         year = 2009,
        month = oct,
       volume = {704},
       number = {2},
        pages = {1605-1615},
          doi = {10.1088/0004-637X/704/2/1605},
archivePrefix = {arXiv},
       eprint = {0909.2689},
 primaryClass = {astro-ph.SR},
       adsurl = {https://ui.adsabs.harvard.edu/abs/2009ApJ...704.1605A},
      adsnote = {Provided by the SAO/NASA Astrophysics Data System}
}

@ARTICLE{2009ApJ...693..355W,
       author = {{Williams}, Kurtis A. and {Bolte}, Michael and {Koester}, Detlev},
        title = "{Probing the Lower Mass Limit for Supernova Progenitors and the High-Mass End of the Initial-Final Mass Relation from White Dwarfs in the Open Cluster M35 (NGC 2168)}",
      journal = {\apj},
     keywords = {open clusters and associations: individual: M35, stars: evolution, white dwarfs, Astrophysics},
         year = 2009,
        month = mar,
       volume = {693},
       number = {1},
        pages = {355-369},
          doi = {10.1088/0004-637X/693/1/355},
archivePrefix = {arXiv},
       eprint = {0811.1577},
 primaryClass = {astro-ph},
       adsurl = {https://ui.adsabs.harvard.edu/abs/2009ApJ...693..355W},
      adsnote = {Provided by the SAO/NASA Astrophysics Data System}
}

@ARTICLE{2009ApJ...692.1013S,
       author = {{Salaris}, Maurizio and {Serenelli}, Aldo and {Weiss}, Achim and {Miller Bertolami}, Marcelo},
        title = "{Semi-empirical White Dwarf Initial-Final Mass Relationships: A Thorough Analysis of Systematic Uncertainties Due to Stellar Evolution Models}",
      journal = {\apj},
     keywords = {stars: AGB and post-AGB, stars: evolution, stars: individual: Sirius, stars: mass loss, white dwarfs, open clusters and associations: individual: Pleiades Hyades Praesepe NGC 1039 NGC 2168 NGC 2099 NGC 2516 NGC 3532 NGC 6819 NGC 7789, Astrophysics},
         year = 2009,
        month = feb,
       volume = {692},
       number = {2},
        pages = {1013-1032},
          doi = {10.1088/0004-637X/692/2/1013},
archivePrefix = {arXiv},
       eprint = {0807.3567},
 primaryClass = {astro-ph},
       adsurl = {https://ui.adsabs.harvard.edu/abs/2009ApJ...692.1013S},
      adsnote = {Provided by the SAO/NASA Astrophysics Data System}
}

@ARTICLE{2008MNRAS.387.1693C,
       author = {{Catal{\'a}n}, S. and {Isern}, J. and {Garc{\'\i}a-Berro}, E. and {Ribas}, I.},
        title = "{The initial-final mass relationship of white dwarfs revisited: effect on the luminosity function and mass distribution}",
      journal = {\mnras},
     keywords = {stars: evolution, stars: luminosity function, mass function, white dwarfs, open clusters and associations: general, Astrophysics},
         year = 2008,
        month = jul,
       volume = {387},
       number = {4},
        pages = {1693-1706},
          doi = {10.1111/j.1365-2966.2008.13356.x},
archivePrefix = {arXiv},
       eprint = {0804.3034},
 primaryClass = {astro-ph},
       adsurl = {https://ui.adsabs.harvard.edu/abs/2008MNRAS.387.1693C},
      adsnote = {Provided by the SAO/NASA Astrophysics Data System}
}

@ARTICLE{2008ApJ...678.1279B,
       author = {{Bedin}, Luigi R. and {King}, Ivan R. and {Anderson}, Jay and {Piotto}, Giampaolo and {Salaris}, Maurizio and {Cassisi}, Santi and {Serenelli}, Aldo},
        title = "{Reaching the End of the White Dwarf Cooling Sequence in NGC 6791}",
      journal = {\apj},
     keywords = {open clusters and associations: individual: NGC 6791, white dwarfs, Astrophysics},
         year = 2008,
        month = may,
       volume = {678},
       number = {2},
        pages = {1279-1291},
          doi = {10.1086/529370},
archivePrefix = {arXiv},
       eprint = {0801.1346},
 primaryClass = {astro-ph},
       adsurl = {https://ui.adsabs.harvard.edu/abs/2008ApJ...678.1279B},
      adsnote = {Provided by the SAO/NASA Astrophysics Data System}
}

@ARTICLE{2008ApJ...677..473G,
       author = {{Garc{\'\i}a-Berro}, E. and {Althaus}, L.~G. and {C{\'o}rsico}, A.~H. and {Isern}, J.},
        title = "{Gravitational Settling of $^{22}$Ne and White Dwarf Evolution}",
      journal = {\apj},
     keywords = {dense matter, diffusion, stars: abundances, stars: evolution, stars: interiors, white dwarfs, Astrophysics},
         year = 2008,
        month = apr,
       volume = {677},
       number = {1},
        pages = {473-482},
          doi = {10.1086/527536},
archivePrefix = {arXiv},
       eprint = {0712.1212},
 primaryClass = {astro-ph},
       adsurl = {https://ui.adsabs.harvard.edu/abs/2008ApJ...677..473G},
      adsnote = {Provided by the SAO/NASA Astrophysics Data System}
}

@ARTICLE{2008A&A...477..213C,
       author = {{Catal{\'a}n}, S. and {Isern}, J. and {Garc{\'\i}a-Berro}, E. and {Ribas}, I. and {Allende Prieto}, C. and {Bonanos}, A.~Z.},
        title = "{The initial-final mass relationship from white dwarfs in common proper motion pairs}",
      journal = {\aap},
     keywords = {stars: evolution, stars: white dwarfs, open clusters and associations: individual: common proper motion pairs, binaries: visual, Astrophysics},
         year = 2008,
        month = jan,
       volume = {477},
       number = {1},
        pages = {213-221},
          doi = {10.1051/0004-6361:20078111},
archivePrefix = {arXiv},
       eprint = {0710.1542},
 primaryClass = {astro-ph},
       adsurl = {https://ui.adsabs.harvard.edu/abs/2008A&A...477..213C},
      adsnote = {Provided by the SAO/NASA Astrophysics Data System}
}

@ARTICLE{2007MNRAS.382..779P,
       author = {{Panei}, J.~A. and {Althaus}, L.~G. and {Chen}, X. and {Han}, Z.},
        title = "{Full evolution of low-mass white dwarfs with helium and oxygen cores}",
      journal = {\mnras},
     keywords = {stars: evolution, stars: interiors, white dwarfs},
         year = 2007,
        month = dec,
       volume = {382},
       number = {2},
        pages = {779-792},
          doi = {10.1111/j.1365-2966.2007.12400.x},
       adsurl = {https://ui.adsabs.harvard.edu/abs/2007MNRAS.382..779P},
      adsnote = {Provided by the SAO/NASA Astrophysics Data System}
}

@ARTICLE{2007ApJ...671..761K,
       author = {{Kilic}, Mukremin and {Stanek}, K.~Z. and {Pinsonneault}, M.~H.},
        title = "{The Future Is Now: The Formation of Single Low-Mass White Dwarfs in the Solar Neighborhood}",
      journal = {\apj},
     keywords = {Stars: Low-Mass, Brown Dwarfs, Stars: White Dwarfs, Astrophysics},
         year = 2007,
        month = dec,
       volume = {671},
       number = {1},
        pages = {761-766},
          doi = {10.1086/522228},
archivePrefix = {arXiv},
       eprint = {0706.3045},
 primaryClass = {astro-ph},
       adsurl = {https://ui.adsabs.harvard.edu/abs/2007ApJ...671..761K},
      adsnote = {Provided by the SAO/NASA Astrophysics Data System}
}

@ARTICLE{2007A&A...465..249A,
       author = {{Althaus}, L.~G. and {Garc{\'\i}a-Berro}, E. and {Isern}, J. and {C{\'o}rsico}, A.~H. and {Rohrmann}, R.~D.},
        title = "{The age and colors of massive white dwarf stars}",
      journal = {\aap},
     keywords = {stars: evolution, stars: white, dwarfs, stars: interiors, Astrophysics},
         year = 2007,
        month = apr,
       volume = {465},
       number = {1},
        pages = {249-255},
          doi = {10.1051/0004-6361:20066059},
archivePrefix = {arXiv},
       eprint = {astro-ph/0702024},
 primaryClass = {astro-ph},
       adsurl = {https://ui.adsabs.harvard.edu/abs/2007A&A...465..249A},
      adsnote = {Provided by the SAO/NASA Astrophysics Data System}
}

@ARTICLE{2006ApJ...651L.137K,
       author = {{Kowalski}, P.~M. and {Saumon}, D.},
        title = "{Found: The Missing Blue Opacity in Atmosphere Models of Cool Hydrogen White Dwarfs}",
      journal = {\apjl},
     keywords = {Atomic Processes, Line: Profiles, Stars: Atmospheres, Stars: White Dwarfs, Astrophysics},
         year = 2006,
        month = nov,
       volume = {651},
       number = {2},
        pages = {L137-L140},
          doi = {10.1086/509723},
archivePrefix = {arXiv},
       eprint = {astro-ph/0609720},
 primaryClass = {astro-ph},
       adsurl = {https://ui.adsabs.harvard.edu/abs/2006ApJ...651L.137K},
      adsnote = {Provided by the SAO/NASA Astrophysics Data System}
}

@ARTICLE{2006AJ....132.1221H,
       author = {{Holberg}, J.~B. and {Bergeron}, Pierre},
        title = "{Calibration of Synthetic Photometry Using DA White Dwarfs}",
      journal = {\aj},
     keywords = {Standards, Stars: Fundamental Parameters, Stars: Individual: Name: Vega, Techniques: Photometric, Stars: White Dwarfs},
         year = 2006,
        month = sep,
       volume = {132},
       number = {3},
        pages = {1221-1233},
          doi = {10.1086/505938},
       adsurl = {https://ui.adsabs.harvard.edu/abs/2006AJ....132.1221H},
      adsnote = {Provided by the SAO/NASA Astrophysics Data System}
}

@ARTICLE{2006AJ....131..571H,
       author = {{Harris}, Hugh C. and {Munn}, Jeffrey A. and {Kilic}, Mukremin and {Liebert}, James and {Williams}, Kurtis A. and {von Hippel}, Ted and {Levine}, Stephen E. and {Monet}, David G. and {Eisenstein}, Daniel J. and {Kleinman}, S.~J. and {Metcalfe}, T.~S. and {Nitta}, Atsuko and {Winget}, D.~E. and {Brinkmann}, J. and {Fukugita}, Masataka and {Knapp}, G.~R. and {Lupton}, Robert H. and {Smith}, J. Allyn and {Schneider}, Donald P.},
        title = "{The White Dwarf Luminosity Function from Sloan Digital Sky Survey Imaging Data}",
      journal = {\aj},
     keywords = {Astrometry, Galaxy: Solar Neighborhood, Stars: Kinematics, Stars: Luminosity Function, Mass Function, Stars: White Dwarfs, Astrophysics},
         year = 2006,
        month = jan,
       volume = {131},
       number = {1},
        pages = {571-581},
          doi = {10.1086/497966},
archivePrefix = {arXiv},
       eprint = {astro-ph/0510820},
 primaryClass = {astro-ph},
       adsurl = {https://ui.adsabs.harvard.edu/abs/2006AJ....131..571H},
      adsnote = {Provided by the SAO/NASA Astrophysics Data System}
}

@ARTICLE{2004A&A...420..515M,
       author = {{Moehler}, S. and {Koester}, D. and {Zoccali}, M. and {Ferraro}, F.~R. and {Heber}, U. and {Napiwotzki}, R. and {Renzini}, A.},
        title = "{Spectral types and masses of white dwarfs in globular clusters}",
      journal = {\aap},
     keywords = {stars: white dwarfs, Galaxy: globular clusters: individual: NGC 6397, Galaxy: globular clusters: individual: NGC 6752, Astrophysics},
         year = 2004,
        month = jun,
       volume = {420},
        pages = {515-525},
          doi = {10.1051/0004-6361:20035819},
archivePrefix = {arXiv},
       eprint = {astro-ph/0403245},
 primaryClass = {astro-ph},
       adsurl = {https://ui.adsabs.harvard.edu/abs/2004A&A...420..515M},
      adsnote = {Provided by the SAO/NASA Astrophysics Data System}
}

@ARTICLE{2003PASP..115..763C,
       author = {{Chabrier}, Gilles},
        title = "{Galactic Stellar and Substellar Initial Mass Function}",
      journal = {\pasp},
     keywords = {Galaxies: Luminosity Function, Mass Function, Invited Reviews, Astrophysics},
         year = 2003,
        month = jul,
       volume = {115},
       number = {809},
        pages = {763-795},
          doi = {10.1086/376392},
archivePrefix = {arXiv},
       eprint = {astro-ph/0304382},
 primaryClass = {astro-ph},
       adsurl = {https://ui.adsabs.harvard.edu/abs/2003PASP..115..763C},
      adsnote = {Provided by the SAO/NASA Astrophysics Data System}
}

@ARTICLE{2002ApJ...580.1077D,
       author = {{Deloye}, Christopher J. and {Bildsten}, Lars},
        title = "{Gravitational Settling of $^{22}$Ne in Liquid White Dwarf Interiors: Cooling and Seismological Effects}",
      journal = {\apj},
     keywords = {Diffusion, Stars: Evolution, Stars: Interiors, Stars: Oscillations, Stars: White Dwarfs, Astrophysics},
         year = 2002,
        month = dec,
       volume = {580},
       number = {2},
        pages = {1077-1090},
          doi = {10.1086/343800},
archivePrefix = {arXiv},
       eprint = {astro-ph/0207623},
 primaryClass = {astro-ph},
       adsurl = {https://ui.adsabs.harvard.edu/abs/2002ApJ...580.1077D},
      adsnote = {Provided by the SAO/NASA Astrophysics Data System}
}

@ARTICLE{2001MNRAS.322..231K,
       author = {{Kroupa}, Pavel},
        title = "{On the variation of the initial mass function}",
      journal = {\mnras},
     keywords = {BINARIES: GENERAL, STARS: FORMATION, STARS: KINEMATICS, STARS: LUMINOSITY FUNCTION, MASS FUNCTION, GLOBULAR CLUSTERS: GENERAL, OPEN CLUSTERS AND ASSOCIATIONS: GENERAL, Astrophysics},
         year = 2001,
        month = apr,
       volume = {322},
       number = {2},
        pages = {231-246},
          doi = {10.1046/j.1365-8711.2001.04022.x},
archivePrefix = {arXiv},
       eprint = {astro-ph/0009005},
 primaryClass = {astro-ph},
       adsurl = {https://ui.adsabs.harvard.edu/abs/2001MNRAS.322..231K},
      adsnote = {Provided by the SAO/NASA Astrophysics Data System}
}

@ARTICLE{2001PASP..113..409F,
       author = {{Fontaine}, G. and {Brassard}, P. and {Bergeron}, P.},
        title = "{The Potential of White Dwarf Cosmochronology}",
      journal = {\pasp},
     keywords = {Galaxy: Fundamental Parameters, Galaxy: Halo, Galaxy: Globular Clusters: General, Invited Reviews, Galaxy: Solar Neighborhood, Stars: Atmospheres, Stars: Evolution, Stars: White Dwarfs},
         year = 2001,
        month = apr,
       volume = {113},
       number = {782},
        pages = {409-435},
          doi = {10.1086/319535},
       adsurl = {https://ui.adsabs.harvard.edu/abs/2001PASP..113..409F},
      adsnote = {Provided by the SAO/NASA Astrophysics Data System}
}

@ARTICLE{1999MNRAS.306..736K,
       author = {{Knox}, R.~A. and {Hawkins}, M.~R.~S. and {Hambly}, N.~C.},
        title = "{A survey for cool white dwarfs and the age of the Galactic disc}",
      journal = {\mnras},
     keywords = {Astrophysics},
         year = 1999,
        month = jul,
       volume = {306},
       number = {3},
        pages = {736-752},
          doi = {10.1046/j.1365-8711.1999.02625.x},
archivePrefix = {arXiv},
       eprint = {astro-ph/9903345},
 primaryClass = {astro-ph},
       adsurl = {https://ui.adsabs.harvard.edu/abs/1999MNRAS.306..736K},
      adsnote = {Provided by the SAO/NASA Astrophysics Data System}
}

@ARTICLE{1998ApJ...497..294L,
       author = {{Leggett}, S.~K. and {Ruiz}, Maria Teresa and {Bergeron}, P.},
        title = "{The Cool White Dwarf Luminosity Function and the Age of the Galactic Disk}",
      journal = {\apj},
     keywords = {STARS: EVOLUTION, STARS: FUNDAMENTAL PARAMETERS, STARS: LUMINOSITY FUNCTION, MASS FUNCTION, STARS: WHITE DWARFS, Stars: Evolution, Stars: Fundamental Parameters, Stars: Luminosity Function, Mass Function, Stars: White Dwarfs},
         year = 1998,
        month = apr,
       volume = {497},
       number = {1},
        pages = {294-302},
          doi = {10.1086/305463},
       adsurl = {https://ui.adsabs.harvard.edu/abs/1998ApJ...497..294L},
      adsnote = {Provided by the SAO/NASA Astrophysics Data System}
}

@ARTICLE{1997ApJ...486..413S,
       author = {{Salaris}, Maurizio and {Dom{\'\i}nguez}, Inmaculada and {Garc{\'\i}a-Berro}, Enrique and {Hernanz}, Margarida and {Isern}, Jordi and {Mochkovitch}, Robert},
        title = "{The Cooling of CO White Dwarfs: Influence of the Internal Chemical Distribution}",
      journal = {\apj},
     keywords = {Nuclear Reactions, Nucleosynthesis, Abundances, Stars: Interiors, Stars: White Dwarfs, Astrophysics},
         year = 1997,
        month = sep,
       volume = {486},
       number = {1},
        pages = {413-419},
          doi = {10.1086/304483},
archivePrefix = {arXiv},
       eprint = {astro-ph/9704038},
 primaryClass = {astro-ph},
       adsurl = {https://ui.adsabs.harvard.edu/abs/1997ApJ...486..413S},
      adsnote = {Provided by the SAO/NASA Astrophysics Data System}
}

@ARTICLE{1996ApJS..102..411I,
       author = {{Itoh}, Naoki and {Hayashi}, Hiroshi and {Nishikawa}, Akinori and {Kohyama}, Yasuharu},
        title = "{Neutrino Energy Loss in Stellar Interiors. VII. Pair, Photo-, Plasma, Bremsstrahlung, and Recombination Neutrino Processes}",
      journal = {\apjs},
     keywords = {DENSE MATTER, ELEMENTARY PARTICLES, RADIATION MECHANISMS: NONTHERMAL, STARS: INTERIORS, METHODS: NUMERICAL},
         year = 1996,
        month = feb,
       volume = {102},
        pages = {411},
          doi = {10.1086/192264},
       adsurl = {https://ui.adsabs.harvard.edu/abs/1996ApJS..102..411I},
      adsnote = {Provided by the SAO/NASA Astrophysics Data System}
}

@ARTICLE{1995PASP..107.1047B,
       author = {{Bergeron}, P. and {Wesemael}, F. and {Beauchamp}, A.},
        title = "{Photometric Calibration of Hydrogen- and Helium-Rich White Dwarf Models}",
      journal = {\pasp},
     keywords = {WHITE DWARFS, TECHNIQUES: PHOTOMETRIC, STARS: FUNDAMENTAL PARAMETERS},
         year = 1995,
        month = nov,
       volume = {107},
        pages = {1047},
          doi = {10.1086/133661},
       adsurl = {https://ui.adsabs.harvard.edu/abs/1995PASP..107.1047B},
      adsnote = {Provided by the SAO/NASA Astrophysics Data System}
}

@INBOOK{1995LNP...443...24O,
       author = {{Oswalt}, Terry D. and {Smith}, J. Allyn},
        title = "{On the Luminosity Function of White Dwarfs in Wide Binaries}",
    booktitle = {White Dwarfs},
         year = 1995,
       editor = {{Koester}, Detlev and {Werner}, Klaus},
       volume = {443},
        pages = {24},
          doi = {10.1007/3-540-59157-5\_168},
       adsurl = {https://ui.adsabs.harvard.edu/abs/1995LNP...443...24O},
      adsnote = {Provided by the SAO/NASA Astrophysics Data System}
}

@ARTICLE{1994ApJ...425..222H,
       author = {{Haft}, Martin and {Raffelt}, Georg and {Weiss}, Achim},
        title = "{Standard and Nonstandard Plasma Neutrino Emission Revisited}",
      journal = {\apj},
     keywords = {Computational Astrophysics, Emission Spectra, Magnetic Dispersion, Neutrinos, Numerical Analysis, Plasmas (Physics), Quantum Electrodynamics, Approximation, Magnetic Dipoles, Stellar Cores, Stellar Evolution, Astrophysics, ELEMENTARY PARTICLES, PLASMAS, RADIATION MECHANISMS: MISCELLANEOUS, STARS: GIANTS, STARS: INTERIORS, Astrophysics},
         year = 1994,
        month = apr,
       volume = {425},
        pages = {222},
          doi = {10.1086/173978},
archivePrefix = {arXiv},
       eprint = {astro-ph/9309014},
 primaryClass = {astro-ph},
       adsurl = {https://ui.adsabs.harvard.edu/abs/1994ApJ...425..222H},
      adsnote = {Provided by the SAO/NASA Astrophysics Data System}
}

@ARTICLE{1992ApJ...386..539W,
       author = {{Wood}, M.~A.},
        title = "{Constraints on the Age and Evolution of the Galaxy from the White Dwarf Luminosity Function}",
      journal = {\apj},
     keywords = {Galactic Evolution, Milky Way Galaxy, Stellar Luminosity, White Dwarf Stars, Computational Astrophysics, Numerical Analysis, Star Formation, Statistical Analysis, Stellar Mass, Astrophysics, GALAXY: EVOLUTION, STARS: LUMINOSITY FUNCTION, MASS FUNCTION, STARS: STATISTICS, STARS: WHITE DWARFS},
         year = 1992,
        month = feb,
       volume = {386},
        pages = {539},
          doi = {10.1086/171038},
       adsurl = {https://ui.adsabs.harvard.edu/abs/1992ApJ...386..539W},
      adsnote = {Provided by the SAO/NASA Astrophysics Data System}
}

@ARTICLE{1990ApJ...352..605N,
       author = {{Noh}, Hye-Rim and {Scalo}, John},
        title = "{History of the Milky Way Star Formation Rate from the White Dwarf Luminosity Function}",
      journal = {\apj},
     keywords = {Milky Way Galaxy, Star Formation, Stellar Luminosity, White Dwarf Stars, Charge Coupled Devices, Stellar Evolution, Astrophysics, GALAXIES: THE GALAXY, LUMINOSITY FUNCTION, STARS: EVOLUTION, STARS: FORMATION, STARS: WHITE DWARFS},
         year = 1990,
        month = apr,
       volume = {352},
        pages = {605},
          doi = {10.1086/168562},
       adsurl = {https://ui.adsabs.harvard.edu/abs/1990ApJ...352..605N},
      adsnote = {Provided by the SAO/NASA Astrophysics Data System}
}

@ARTICLE{1989ApJ...347..934D,
       author = {{D'Antona}, Francesca and {Mazzitelli}, Italo},
        title = "{The Fastest Evolving White Dwarfs}",
      journal = {\apj},
     keywords = {Metallicity, Stellar Evolution, Stellar Interiors, Stellar Models, Stellar Winds, White Dwarf Stars, Optical Thickness, Stellar Atmospheres, Stellar Composition, Stellar Envelopes, Stellar Luminosity, Stellar Mass Ejection, Astrophysics, LUMINOSITY FUNCTION, STARS: EVOLUTION, STARS: INTERIORS, STARS: WHITE DWARFS},
         year = 1989,
        month = dec,
       volume = {347},
        pages = {934},
          doi = {10.1086/168185},
       adsurl = {https://ui.adsabs.harvard.edu/abs/1989ApJ...347..934D},
      adsnote = {Provided by the SAO/NASA Astrophysics Data System}
}

@INBOOK{1989LNP...328...15L,
       author = {{Liebert}, James and {Dahn}, Conard C. and {Monet}, David G.},
        title = "{The Luminosity Function of White Dwarfs in the Local Disk and Halo}",
     keywords = {Stellar Luminosity, White Dwarf Stars, Astronomical Catalogs, Solar Neighborhood, Stellar Magnitude, Stellar Mass, Stellar Parallax, Stellar Spectrophotometry, Astrophysics},
    booktitle = {IAU Colloq. 114: White Dwarfs},
         year = 1989,
       editor = {{Wegner}, Gary},
       volume = {328},
        pages = {15},
          doi = {10.1007/3-540-51031-1\_287},
       adsurl = {https://ui.adsabs.harvard.edu/abs/1989LNP...328...15L},
      adsnote = {Provided by the SAO/NASA Astrophysics Data System}
}

@ARTICLE{1988ApJ...332..891L,
       author = {{Liebert}, James and {Dahn}, Conard C. and {Monet}, David G.},
        title = "{The Luminosity Function of White Dwarfs}",
      journal = {\apj},
     keywords = {Stellar Luminosity, Stellar Models, Stellar Motions, White Dwarf Stars, Balmer Series, Helium, Hydrogen, Star Formation, Stellar Atmospheres, Astrophysics, LUMINOSITY FUNCTION, STARS: STELLAR STATISTICS, STARS: WHITE DWARFS},
         year = 1988,
        month = sep,
       volume = {332},
        pages = {891},
          doi = {10.1086/166699},
       adsurl = {https://ui.adsabs.harvard.edu/abs/1988ApJ...332..891L},
      adsnote = {Provided by the SAO/NASA Astrophysics Data System}
}

@ARTICLE{1987ApJ...315L..77W,
       author = {{Winget}, D.~E. and {Hansen}, C.~J. and {Liebert}, James and {van Horn}, H.~M. and {Fontaine}, G. and {Nather}, R.~E. and {Kepler}, S.~O. and {Lamb}, D.~Q.},
        title = "{An Independent Method for Determining the Age of the Universe}",
      journal = {\apjl},
     keywords = {Chronology, Cosmology, Disk Galaxies, Stellar Evolution, Universe, White Dwarf Stars, Cool Stars, Luminous Intensity, Perturbation Theory, Solar Neighborhood, Specific Heat, Stellar Mass, Astrophysics, COSMOLOGY, STARS: EVOLUTION, STARS: WHITE DWARFS},
         year = 1987,
        month = apr,
       volume = {315},
        pages = {L77},
          doi = {10.1086/184864},
       adsurl = {https://ui.adsabs.harvard.edu/abs/1987ApJ...315L..77W},
      adsnote = {Provided by the SAO/NASA Astrophysics Data System}
}

@ARTICLE{1984ApJ...282..615I,
       author = {{Iben}, I., Jr. and {Tutukov}, A.~V.},
        title = "{Cooling of low-mass carbon-oxygen dwarfs from the planetary nucleus stage through the crystallization stage}",
      journal = {\apj},
     keywords = {Carbon Stars, Late Stars, Planetary Nebulae, Stellar Evolution, White Dwarf Stars, Cooling, Crystallization, Helium, Hydrogen, Stellar Cores, Stellar Luminosity, Stellar Mass, Astrophysics},
         year = 1984,
        month = jul,
       volume = {282},
        pages = {615-630},
          doi = {10.1086/162241},
       adsurl = {https://ui.adsabs.harvard.edu/abs/1984ApJ...282..615I},
      adsnote = {Provided by the SAO/NASA Astrophysics Data System}
}

@ARTICLE{1979ApJ...233..226L,
       author = {{Liebert}, J. and {Dahn}, C.~C. and {Gresham}, M. and {Strittmatter}, P.~A.},
        title = "{New results from a survey of faint proper-motion stars: a probable deficiency of very low luminosity degenerates.}",
      journal = {\apj},
     keywords = {Astronomical Spectroscopy, Late Stars, Stellar Luminosity, Stellar Motions, White Dwarf Stars, Astronomical Catalogs, Searching, Astrophysics, Low-Luminosity Stars:Stellar Statistics, Nearby Stars:White Dwarfs, Proper-Motion Stars:Surveys},
         year = 1979,
        month = oct,
       volume = {233},
        pages = {226-238},
          doi = {10.1086/157384},
       adsurl = {https://ui.adsabs.harvard.edu/abs/1979ApJ...233..226L},
      adsnote = {Provided by the SAO/NASA Astrophysics Data System}
}

@ARTICLE{1976A&A....51..383S,
       author = {{Shaviv}, G. and {Kovetz}, A.},
        title = "{The cooling of carbon-oxygen white dwarfs.}",
      journal = {\aap},
     keywords = {Cooling, Stellar Evolution, Stellar Temperature, White Dwarf Stars, Crystallization, Latent Heat, Opacity, Stellar Luminosity, Stellar Mass, Stellar Models, Astrophysics},
         year = 1976,
        month = sep,
       volume = {51},
       number = {3},
        pages = {383-391},
       adsurl = {https://ui.adsabs.harvard.edu/abs/1976A&A....51..383S},
      adsnote = {Provided by the SAO/NASA Astrophysics Data System}
}

@ARTICLE{1959ApJ...129..243S,
       author = {{Schmidt}, Maarten},
        title = "{The Rate of Star Formation.}",
      journal = {\apj},
         year = 1959,
        month = mar,
       volume = {129},
        pages = {243},
          doi = {10.1086/146614},
       adsurl = {https://ui.adsabs.harvard.edu/abs/1959ApJ...129..243S},
      adsnote = {Provided by the SAO/NASA Astrophysics Data System}
}

@ARTICLE{2009ApJ...696.1755T,
       author = {{Tremblay}, P. -E. and {Bergeron}, P.},
        title = "{Spectroscopic Analysis of DA White Dwarfs: Stark Broadening of Hydrogen Lines Including Nonideal Effects}",
      journal = {\apj},
     keywords = {line: profiles, stars: atmospheres, white dwarfs, Astrophysics - Solar and Stellar Astrophysics},
         year = 2009,
        month = may,
       volume = {696},
       number = {2},
        pages = {1755-1770},
          doi = {10.1088/0004-637X/696/2/1755},
archivePrefix = {arXiv},
       eprint = {0902.4182},
 primaryClass = {astro-ph.SR},
       adsurl = {https://ui.adsabs.harvard.edu/abs/2009ApJ...696.1755T},
      adsnote = {Provided by the SAO/NASA Astrophysics Data System}
}

@ARTICLE{2010MmSAI..81..921K,
       author = {{Koester}, D.},
        title = "{White dwarf spectra and atmosphere models}",
      journal = {\memsai},
     keywords = {Stellar spectra, stellar atmospheres},
         year = 2010,
        month = jan,
       volume = {81},
        pages = {921-931},
       adsurl = {https://ui.adsabs.harvard.edu/abs/2010MmSAI..81..921K},
      adsnote = {Provided by the SAO/NASA Astrophysics Data System}
}

@ARTICLE{2015ApJ...815...63A,
       author = {{Andrews}, Jeff J. and {Ag{\"u}eros}, Marcel A. and {Gianninas}, A. and {Kilic}, Mukremin and {Dhital}, Saurav and {Anderson}, Scott F.},
        title = "{Constraints on the Initial-Final Mass Relation from Wide Double White Dwarfs}",
      journal = {\apj},
     keywords = {binaries: general, binaries: visual, stars: evolution, white dwarfs, Astrophysics - Solar and Stellar Astrophysics},
         year = 2015,
        month = dec,
       volume = {815},
       number = {1},
          eid = {63},
        pages = {63},
          doi = {10.1088/0004-637X/815/1/63},
archivePrefix = {arXiv},
       eprint = {1510.06107},
 primaryClass = {astro-ph.SR},
       adsurl = {https://ui.adsabs.harvard.edu/abs/2015ApJ...815...63A},
      adsnote = {Provided by the SAO/NASA Astrophysics Data System}
}

@ARTICLE{1999PASP..111...63F,
       author = {{Fitzpatrick}, Edward L.},
        title = "{Correcting for the Effects of Interstellar Extinction}",
      journal = {\pasp},
     keywords = {ISM: DUST, EXTINCTION, Astrophysics},
         year = 1999,
        month = jan,
       volume = {111},
       number = {755},
        pages = {63-75},
          doi = {10.1086/316293},
archivePrefix = {arXiv},
       eprint = {astro-ph/9809387},
 primaryClass = {astro-ph},
       adsurl = {https://ui.adsabs.harvard.edu/abs/1999PASP..111...63F},
      adsnote = {Provided by the SAO/NASA Astrophysics Data System}
}

@ARTICLE{2021MNRAS.508.3877G,
       author = {{Gentile Fusillo}, N.~P. and {Tremblay}, P. -E. and {Cukanovaite}, E. and {Vorontseva}, A. and {Lallement}, R. and {Hollands}, M. and {G{\"a}nsicke}, B.~T. and {Burdge}, K.~B. and {McCleery}, J. and {Jordan}, S.},
        title = "{A catalogue of white dwarfs in Gaia EDR3}",
      journal = {\mnras},
     keywords = {catalogues, surveys, white dwarfs, Astrophysics - Solar and Stellar Astrophysics},
         year = 2021,
        month = dec,
       volume = {508},
       number = {3},
        pages = {3877-3896},
          doi = {10.1093/mnras/stab2672},
archivePrefix = {arXiv},
       eprint = {2106.07669},
 primaryClass = {astro-ph.SR},
       adsurl = {https://ui.adsabs.harvard.edu/abs/2021MNRAS.508.3877G},
      adsnote = {Provided by the SAO/NASA Astrophysics Data System}
}

@ARTICLE{2019ApJ...882..106G,
       author = {{Genest-Beaulieu}, C. and {Bergeron}, P.},
        title = "{A Photometric and Spectroscopic Investigation of the DB White Dwarf Population Using SDSS and Gaia Data}",
      journal = {\apj},
     keywords = {stars: evolution, stars: fundamental parameters, techniques: photometric, techniques: spectroscopic, white dwarfs, Astrophysics - Solar and Stellar Astrophysics},
         year = 2019,
        month = sep,
       volume = {882},
       number = {2},
          eid = {106},
        pages = {106},
          doi = {10.3847/1538-4357/ab379e},
archivePrefix = {arXiv},
       eprint = {1908.01728},
 primaryClass = {astro-ph.SR},
       adsurl = {https://ui.adsabs.harvard.edu/abs/2019ApJ...882..106G},
      adsnote = {Provided by the SAO/NASA Astrophysics Data System}
}

@ARTICLE{2019ApJ...871..169G,
       author = {{Genest-Beaulieu}, C. and {Bergeron}, P.},
        title = "{A Comprehensive Spectroscopic and Photometric Analysis of DA and DB White Dwarfs from SDSS and Gaia}",
      journal = {\apj},
     keywords = {stars: fundamental parameters, techniques: photometric, techniques: spectroscopic, white dwarfs},
         year = 2019,
        month = feb,
       volume = {871},
       number = {2},
          eid = {169},
        pages = {169},
          doi = {10.3847/1538-4357/aafac6},
       adsurl = {https://ui.adsabs.harvard.edu/abs/2019ApJ...871..169G},
      adsnote = {Provided by the SAO/NASA Astrophysics Data System}
}

@ARTICLE{2021MNRAS.508.3877G,
       author = {{Gentile Fusillo}, N.~P. and {Tremblay}, P. -E. and {Cukanovaite}, E. and {Vorontseva}, A. and {Lallement}, R. and {Hollands}, M. and {G{\"a}nsicke}, B.~T. and {Burdge}, K.~B. and {McCleery}, J. and {Jordan}, S.},
        title = "{A catalogue of white dwarfs in Gaia EDR3}",
      journal = {\mnras},
     keywords = {catalogues, surveys, white dwarfs, Astrophysics - Solar and Stellar Astrophysics},
         year = 2021,
        month = dec,
       volume = {508},
       number = {3},
        pages = {3877-3896},
          doi = {10.1093/mnras/stab2672},
archivePrefix = {arXiv},
       eprint = {2106.07669},
 primaryClass = {astro-ph.SR},
       adsurl = {https://ui.adsabs.harvard.edu/abs/2021MNRAS.508.3877G},
      adsnote = {Provided by the SAO/NASA Astrophysics Data System}
}

